@Manual{Edmondson_2019,
  title = {googleLanguageR: Call Google's 'Natural Language' API, 'Cloud Translation' API,
'Cloud Speech' API and 'Cloud Text-to-Speech' API},
  author = {Mark Edmondson},
  note = {http://code.markedmondson.me/googleLanguageR/, https://github.com/ropensci/googleLanguageR},
  year = {2019},
}

@Manual{Leeper_2017,
  title = {aws.polly: Client for AWS Polly},
  author = {Thomas J. Leeper},
  year = {2017},
  note = {R package version 0.1.5},
}

@Manual{Leeper_2018,
  title = {aws.signature: Amazon Web Services Request Signatures},
  author = {Thomas J. Leeper},
  year = {2018},
  note = {R package version 0.4.4},
}

@Manual{Ligges_2018,
  title = {{tuneR}: Analysis of Music and Speech},
  author = {Uwe Ligges and Sebastian Krey and Olaf Mersmann and Sarah Schnackenberg},
  year = {2018},
  url = {https://CRAN.R-project.org/package=tuneR},
}

@Manual{Muschelli_2019,
  title = {mscstts: R Client for the Microsoft Cognitive Services 'Text-to-Speech' REST API},
  author = {John Muschelli},
  note = {R package version 0.5.1},
  url = {https://github.com/muschellij2/mscstts},
  year = {2019},
}

@article{van2016wavenet,
  title={{WaveNet}: A generative model for raw audio.},
  author={Van Den Oord, A{\"a}ron and Dieleman, Sander and Zen, Heiga and Simonyan, Karen and Vinyals, Oriol and Graves, Alex and Kalchbrenner, Nal and Senior, Andrew W and Kavukcuoglu, Koray},
  journal={SSW},
  volume={125},
  year={2016}
}

@book{shakespeare2003romeo,
  title={romeo and juliet},
  author={Shakespeare, William},
  year={2003},
  publisher={Cambridge University Press}
}
